<?xml version="1.0" encoding="UTF-8"?><collection><record><leader>13633ntm a2200625 a 4500</leader><controlfield tag="001">006805510</controlfield><controlfield tag="003">MiAaHDL</controlfield><controlfield tag="005">20210411000000.0</controlfield><controlfield tag="006">m        d        </controlfield><controlfield tag="007">cr bn ---auaua</controlfield><controlfield tag="008">090601m14151427ua            00| ||ara d</controlfield><datafield tag="035" ind1=" " ind2=" "><subfield code="a">(MiU)006805510</subfield></datafield><datafield tag="035" ind1=" " ind2=" "><subfield code="a">sdr-miu006805510</subfield></datafield><datafield tag="035" ind1=" " ind2=" "><subfield code="a">(OCoLC)1194816871</subfield></datafield><datafield tag="040" ind1=" " ind2=" "><subfield code="a">MiU</subfield><subfield code="c">MiU</subfield><subfield code="e">amremm</subfield></datafield><datafield tag="043" ind1=" " ind2=" "><subfield code="a">n-us-mi</subfield><subfield code="a">f-ua---</subfield></datafield><datafield tag="100" ind1="1" ind2=" "><subfield code="6">880-01</subfield><subfield code="a">Maqrīzī, Aḥmad ibn ʻAlī,</subfield><subfield code="d">1364-1442.</subfield></datafield><datafield tag="240" ind1="1" ind2="0"><subfield code="6">880-02</subfield><subfield code="a">Mawāʻiẓ wa-al-iʻtibār fī dhikr al-khiṭaṭ wa-al-āthār.</subfield><subfield code="n">rubʻ 3</subfield></datafield><datafield tag="245" ind1="1" ind2="3"><subfield code="6">880-03</subfield><subfield code="a">al-Rubʻ al-thālith min al-Khiṭaṭ,</subfield><subfield code="f">[between 1415 and 1427].</subfield></datafield><datafield tag="260" ind1=" " ind2=" "><subfield code="c">[1415-1427].</subfield></datafield><datafield tag="300" ind1=" " ind2=" "><subfield code="a">262 leaves :</subfield><subfield code="b">paper ;</subfield><subfield code="c">245 x 165 (200 x 115) mm. bound to 245 x 170 mm.</subfield></datafield><datafield tag="500" ind1=" " ind2=" "><subfield code="a">Shelfmark: Ann Arbor, University of Michigan, Special Collections Research Center, Isl. Ms. 605</subfield></datafield><datafield tag="500" ind1=" " ind2=" "><subfield code="a">Origin: Manuscript lacks dated colophon; however, via F. Bauden's analysis it is possible to suggest a dating for the transcription between 818 and 831 [1415 and 1427] with replacements supplied in the 17th century (as paper for those sections suggests). The ms. plainly represents the author's fair copy (compare published editions and other ms. copies, e.g. MS Ayasofya 3480 which was plainly copied from this very ms.), which given analysis of its content, was likely begun in 819 (see fol.225a/p.449 where al-Maqrīzī states "والامر على ذلك مستمر الى وقتنا هذا وهو سنة تسع عشرة وثماني مائة" ; it is more likely that this refers to the date at the time the section was copied rather than to a date appearing in the draft being copied, which was certainly completed by 816 - see F. Bauden's currently proposed dating for the composition of the Khiṭaṭ in "Maqriziana II" in Mamlûk Studies Review XII, 2008 and "Maqriziana IX" in Mamlûk Studies Review XIV, 2010). Analysis of additions to the fair copy in the margins, at the end of a section or on the inserted slips ("notecards") provide dates that range from 820 to 828 [1424-1425].</subfield></datafield><datafield tag="500" ind1=" " ind2=" "><subfield code="a">Accompanying materials: a. Inventory cataloguing slip in hand of Winifred Smeaton Thomas. -- b. Acquisitions slip from Yahuda.</subfield></datafield><datafield tag="500" ind1=" " ind2=" "><subfield code="a">Former shelfmark: From inner front cover and spine label, "IL112" (likely supplied by Yahuda, see acquisitions slip).</subfield></datafield><datafield tag="500" ind1=" " ind2=" "><subfield code="a">Binding: Pasteboards covered in tan to brown leather ; Type II binding (with flap) ; board linings in European paper ; interior and joints of foreedge flap reinforced in red leather ; upper and lower covers bear a blind-stamped mandorla with pendants (compare Déroche class. NSd 1) ; in poor condition; lower endband is entirely gone and upper is nearly gone ; all joints are split to varying degrees ; spine is split through the center along its length ; leather losses on spine have exposed lining ; lower cover is detaching ; numerous stains on covers ; due to fragile state, housed in box for protection ; would benefit greatly from a conservation effort.</subfield></datafield><datafield tag="500" ind1=" " ind2=" "><subfield code="a">Support: mainly non-European (Egyptian?) laid paper with laid lines running vertically, 5-6 laidlines per cm. ; chainlines are very difficult to ascertain with any consistency, but in some cases one can discern a set of 3, spaced 9-10mm apart ; other papers also appear (not suprising given the chaotic nature of the gatherings) and thus it is not difficult to imagine that the ms. was assembled from the materials at hand ; all of the inserts ("notecards") appear to be on either the same paper as the main textblock or very similar paper, some tinted (see p.220-A, a small insert of 82 x 82 mm. tinted orange-red) ; several leaves supplied later on European papers, probably early 17th c. with various watermarks (in fol. 1, tres lune -- in fol. 58, crossbow with lever in a circle and cloverleaf, see Piccard 123860-123862 -- in fol. 64, anchor in circle with cloverleaf, very similar to Heawood no. 2 -- in fol. 261, crown with star with crescents, very similar to Heawood nos. 1131-1133) ; al-Maqrīzī often left large spaces and sometimes entire leaves blank, thus the hands of the later contributors sometimes appear on the original paper.</subfield></datafield><datafield tag="500" ind1=" " ind2=" "><subfield code="a">Decoration: Illuminated titlepiece on fol.1a (p.1) [supplied later, roughly 17th century] consisting of central medallion in nine concentric circles (red, blue, black, and gold) with rectangular panels above and below, framed in a thick gold band outlined by black fillets ; upper panel carries the title in black ink "الربع الثالث من الخطط للعلامة المقريزي" ; incipit and facing page are framed in gold band outlined by black fillets ; remainder of text (and even inserts) is framed in rule border consisting of two red fillets, a portion of which was apparently supplied after the main text was transcribed and glossed (in many places, gaps have been left to accommodate marginalia, border of fol.180b/p.360 obviously drawn after slip inserted, etc.) ; section headings and keywords rubricated ; occasional overlining [mainly Hand M] in red.</subfield></datafield><datafield tag="500" ind1=" " ind2=" "><subfield code="a">Script: Essentially three hands appear ; main hand is that of al-Maqrīzī [Hand M], a very distinctive hand the identification of which was confirmed by Frédéric Bauden (for samples, see Bauden's Maqriziana articles, as well as the notice of Dozy for the three volumes of al-Muqaffá), Naskh, sans serif, with mainly closed counters, distinct right-ward slant (more or less apparent throughout) and strong horizontal character (effect of elongation and flattening in comparison with other Mamlūk naskhs) ; idiosyncrasies include: rightward-pointing tails on final yāʼ and alif maqṣūrah which curl back under the word, "قال" with somewhat hook-shaped alif which curls up and over the qāf (supplying the otherwise absent pointing), and "هم" for which the letters are positioned nearly one above the other ; somewhat casually pointed and unvocalized ; appearing next often is the hand supplying the replacements at the opening and at various other places [Hand B, see fol.1a-2b (p.1-4), fol.58a-59b(p.115-118), etc.], Naskh, with lām-alif al-muḥaqqaqah, occasionally seeming to attempt a slight imitation of al-Maqrīzī's hand, but without success ; finally, the other replacement hand appearing at the close and various places [Hand C, see fol.95a-95b (p.189-190), fol.261a-262b (p.521-524), etc.], Naskh, quite readable, fully pointed and partially vowelled, with mainly closed counters and kāf mashkūlah preferred.</subfield></datafield><datafield tag="500" ind1=" " ind2=" "><subfield code="a">Layout: Written in 27 lines per page ; single column with numerous large gaps, blank (ruled and un-ruled) pages, and sewn-in slips in the primary hand (i.e. of al-Maqrīzī) ; frame-ruled.</subfield></datafield><datafield tag="500" ind1=" " ind2=" "><subfield code="a">Collation: i, V+3 (13), III (19), VII (303), 2 V (53), V-1 (62), 2 + [V-1] (73), IV+1 (82), 1+II (87), VII (101), III (107), IV (115), 1+II (120), 2+VI (134), IV (142), VI (154), V+1 (165), IV+1 (174), V (184), VI (196), II+3 (203), V (213), III (219), V+1 (230), III (236), 2+IV (246), V (256), II+2 (262) ; a chaotic set, likely assembled from the material at hand and supplemented by numerous inserts, each of which is numbered by the page preceding it plus '-A' (e.g. '220-A', see p.220/fol.110, p.296/148, p.318/159, p.354/177, p.360/180, p.384/192, p.442/221, p.462/231) ; several leaves left partially or entirely blank, as well as lacuna where date would appear on fol.4a (p.7) ; catchwords present ; run of foliation p.287-403, with اول written out at the beginning and the final number being 56 ; pagination in pencil, Western numerals (supplied during cataloguing).</subfield></datafield><datafield tag="500" ind1=" " ind2=" "><subfield code="a">Explicit:"[fol.260b/p.520]السلطان الملك الصالح ناصر الدين محمد وعمره نحو عشر سنين فقام بامره الامير برسباي الدقماقي ثم جعله بعد اربعة اشهر واربعة ايام السلطان الملك الأشرف سيف الدين أبو النصر برسباي احد مماليك الظاهر برقوق و جلس على تخت الملك في يوم الاربعاء ثامن شهر ربيع الآخر سنة خمس وعشرين وثمانمائة الى اخره. تم بحمد الله. وهذا اخر الثلاثة ارباع بتجزئة المصنف ورأيت على هامش نسخة اخرى بغير خط المصنف ويقول وتوفي الأشرف برسباي ثالث عشر ذي الحجة سنة إحدى واربعين وثمانمائة فكانت مدته ست عشرة سنة وتسعة شهور ثم قام من بعده ولده الملك العزيز يوسف. ويليه الجزء الرابع يبدأ بذكر المساجد ... [fol.261b/p.522] وتولى عوضه الملك الأشرف جانبلاط الأشرفي قايتباي وأتانا خبرة بمنزله الجديدة في العود من المدينة في يوم الجمعة سادس عشري ذي الحجة سنة خمس وتسعمائة فكانت مدته ستة شهور وأياما ثم خلع في يوم السبت ثامن عشرين جمادى الآخرة سنة ست وتسعمائة وتولى الملك العادل طومان باي الأشرفي قايتباي ثم خلع سلخ رمضان من السنة فكانت مدته نحو مائة يوم وتولى بعده الأشرف قانصوه الغوري الأشرفي قايتباي مستهل شوال من السنة المذكورة انتهى ذكر المساجد الجامعة والله اعلم"</subfield></datafield><datafield tag="500" ind1=" " ind2=" "><subfield code="a">Incipit: "و صلى الله على سيدنا محمد وآله وصحبه وسلم ذكر حارة القاهرة وظواهرها قال ابن سيدة والحارة كل محلة دنت منازلها قال والحملة منزل القوم وبالقاهرة وظواهرها عدة حارات حارة بهاء الدين هذه الحارة كانت قديما خارج باب الفتوح الذي وضعه القائد جوهر عندما اختط اساس القاهرة من الطوب النيء وقد بقي من هذا الباب عقدة برأس حارة بهاء الدين وصارت هذه الحارة اليوم من داخل باب الفتوح الذي وضعه أمير الجيوش بدر الجمالي وهو الموجود الآن"</subfield></datafield><datafield tag="500" ind1=" " ind2=" "><subfield code="a">Title from titlepiece on fol.1a (p.1).</subfield></datafield><datafield tag="500" ind1=" " ind2=" "><subfield code="a">Ms. codex.</subfield></datafield><datafield tag="510" ind1="4" ind2=" "><subfield code="a">Dozy, R. P. A. "Découverte de trois volumes du Mokaffá d' Al-Makrízí,"</subfield><subfield code="c">idem, Notices sur quelques manuscrits arabes (Leiden, 1847-51): 8-16</subfield></datafield><datafield tag="510" ind1="4" ind2=" "><subfield code="a">Sayyid, Ayman Fuʼād. "Early Methods of Book Composition: al-Maqrīzī's Draft of the Khiṭaṭ."</subfield><subfield code="c">In The Codicology of Islamic Manuscripts, Proceedings of the Second Conference of Al-Furqān Islamic Heritage Foundation, 4-5 December 1993, Yasin Dutton, Ed. (London: Al-Furqān Islamic Heritage Foundation, 1995): 93-101.</subfield></datafield><datafield tag="510" ind1="4" ind2=" "><subfield code="a">Bauden, Frédéric. "Maqriziana II. Discovery of an Autograph MS of al-Maqrîzî : Towards a Better Understanding of His Working Method. Analysis."</subfield><subfield code="c">Mamlûk Studies Review XII/1 (2008): 51-118.</subfield></datafield><datafield tag="510" ind1="4" ind2=" "><subfield code="a">Bauden, Frédéric. "Maqriziana IX. Should al-Maqrîzî be Thrown Out With the Bathwater? The Question of His Plagiarism of al-Awhadî’s Khitat and the Documentary Evidence."</subfield><subfield code="c">Mamlûk Studies Review XIV (2010): 159-232.</subfield></datafield><datafield tag="510" ind1="4" ind2=" "><subfield code="a">Gardiner, Noah and Frédéric Bauden. "A Recently Discovered Holograph Fair Copy of al-Maqrīzī's al-Mawāʿiẓ wa-al-iʿtibār fī dhikr al-khiṭaṭ wa-al-āthār (Michigan Islamic MS 605)."</subfield><subfield code="c">Journal of Islamic Manuscripts 2, 2 (2011): 123-131.</subfield></datafield><datafield tag="510" ind1="4" ind2=" "><subfield code="a">Brockelmann, C. GAL,</subfield><subfield code="c">II, 38 ff</subfield></datafield><datafield tag="520" ind1="8" ind2=" "><subfield code="a">Superb holograph of the third part of al-Maqrīzī's well-known work on the topography of Cairo and Egyptian history generally, representing the fair copy. Many "notecards" (also in al-Maqrīzī's hand) inserted. Detailed examination and description of this ms. provided by Noah Gardiner and Frédéric Bauden.</subfield></datafield><datafield tag="538" ind1=" " ind2=" "><subfield code="a">Mode of access: Internet.</subfield></datafield><datafield tag="541" ind1=" " ind2=" "><subfield code="a">Acquired in 1926 from the bookseller Isaac Benjamin S.E. Yahuda via purchase transacted on his behalf by Abraham Shalom Yahuda (1877-1951), his younger brother.</subfield></datafield><datafield tag="546" ind1=" " ind2=" "><subfield code="a">Arabic.</subfield></datafield><datafield tag="561" ind1=" " ind2=" "><subfield code="a">Inscription on interior of upper cover "الشيخ ابو السعود " ; on recto of front flyleaf several numerals, possibly inventory numbers or prices ; on fol.1a (p.1) octagonal seal impression, relatively illegible "اوله محمد بن علي...[؟]"; several marks of collation, "بلغ" appears in margins of several folia (see fol.6a/p.5, fol.32a/p.63, etc.) in various hands ; numerous marginal glosses in hand of al-Maqrīzī marked "ح" ; numerous marginal corrections in hand of al-Maqrīzī marked "صح" ; on fol.144a (p.287) an inscription reads "هذا بخط العلامة المقريزي".</subfield></datafield><datafield tag="650" ind1=" " ind2="0"><subfield code="a">Manuscripts, Arabic</subfield><subfield code="z">Michigan</subfield><subfield code="z">Ann Arbor.</subfield></datafield><datafield tag="651" ind1=" " ind2="0"><subfield code="a">Cairo (Egypt)</subfield><subfield code="x">Description and travel</subfield><subfield code="x">History</subfield><subfield code="v">Sources.</subfield></datafield><datafield tag="651" ind1=" " ind2="0"><subfield code="a">Cairo (Egypt)</subfield><subfield code="x">History</subfield><subfield code="v">Early works to 1800.</subfield></datafield><datafield tag="651" ind1=" " ind2="0"><subfield code="a">Egypt</subfield><subfield code="x">Description and travel</subfield><subfield code="x">History</subfield><subfield code="v">Sources.</subfield></datafield><datafield tag="651" ind1=" " ind2="0"><subfield code="a">Egypt</subfield><subfield code="x">History</subfield><subfield code="v">Early works to 1800.</subfield></datafield><datafield tag="651" ind1=" " ind2="0"><subfield code="a">Egypt</subfield><subfield code="x">Antiquities</subfield><subfield code="v">Early works to 1800.</subfield></datafield><datafield tag="700" ind1="1" ind2=" "><subfield code="6">880-05</subfield><subfield code="a">Maqrīzī, Aḥmad ibn ʻAlī,</subfield><subfield code="d">1364-1442.</subfield><subfield code="e">scribe.</subfield></datafield><datafield tag="773" ind1="0" ind2=" "><subfield code="a">Yahuda Collection.</subfield></datafield><datafield tag="880" ind1="1" ind2=" "><subfield code="6">700-05/</subfield><subfield code="a">مقريوي, احمد بن علي,</subfield><subfield code="e">ناسخ.</subfield></datafield><datafield tag="880" ind1="1" ind2="2"><subfield code="6">245-03/</subfield><subfield code="a">الربع الثالث من الخطط,</subfield><subfield code="f">[بين 1415م و 1427م].</subfield></datafield><datafield tag="880" ind1="1" ind2="0"><subfield code="6">240-02/</subfield><subfield code="a">مواعظ والاعتبار في ذلك الخطط والآثار.</subfield><subfield code="n">ربع 3</subfield></datafield><datafield tag="880" ind1="1" ind2=" "><subfield code="6">100-01/</subfield><subfield code="a">مقريزي، احمد بن علي.</subfield></datafield><datafield tag="CID" ind1=" " ind2=" "><subfield code="a">006805510</subfield></datafield><datafield tag="DAT" ind1="0" ind2=" "><subfield code="a">20210411040112.0</subfield><subfield code="b">20210411000000.0</subfield></datafield><datafield tag="DAT" ind1="1" ind2=" "><subfield code="a">20210411090502.0</subfield><subfield code="b">2021-04-11T16:15:04Z</subfield></datafield><datafield tag="DAT" ind1="2" ind2=" "><subfield code="a">2016-11-08T19:00:02Z</subfield></datafield><datafield tag="CAT" ind1=" " ind2=" "><subfield code="a">SDR-MIU</subfield><subfield code="d">EX LIBRIS - ALEPH</subfield><subfield code="l">prepare.pl-004-008</subfield></datafield><datafield tag="FMT" ind1=" " ind2=" "><subfield code="a">BK</subfield></datafield><datafield tag="HOL" ind1=" " ind2=" "><subfield code="0">sdr-miu006805510</subfield><subfield code="a">MiU</subfield><subfield code="b">SDR</subfield><subfield code="c">MIU</subfield><subfield code="p">mdp.39015079127406</subfield><subfield code="s">MIU</subfield><subfield code="1">006805510</subfield></datafield><datafield tag="974" ind1=" " ind2=" "><subfield code="b">MIU</subfield><subfield code="c">MIU</subfield><subfield code="d">20210411</subfield><subfield code="s">lit-dlps-dc</subfield><subfield code="u">mdp.39015079127406</subfield><subfield code="y">1427</subfield><subfield code="r">pd</subfield><subfield code="q">bib</subfield><subfield code="t">non-US bib date2, date type m &lt; 1896</subfield></datafield></record></collection>